
%%下面是写related work时新加的%%%%%%%%%%%%
@article{vgontzas2009insomnia,
title={Insomnia with Objective Short Sleep Duration is Associated with Type 2 Diabetes: A Population-based Study},
author={Vgontzas, Alexandros N and Liao, Duanping and Pejovic, Slobodanka and Calhoun, Susan L and Karataraki, Maria and Bixler, Edward O},
journal={Diabetes Care},
volume={32},
number={11},
pages={1980--1985},
year={2009}}

@article{gottlieb2005association,
title={Association of Sleep Time With Diabetes Mellitus and Impaired Glucose Tolerance},
author={Gottlieb, Daniel J and Punjabi, Naresh M and Newman, A B and Resnick, Helaine E and Redline, Susan and Baldwin, Carol M and Nieto, F Javier},
journal={JAMA Internal Medicine},
volume={165},
number={8},
pages={863--868},
year={2005}}

@article{saper2005hypothalamic,
title={Hypothalamic regulation of sleep and circadian rhythms},
author={Saper, Clifford B and Scammell, Thomas E and Lu, Jun},
journal={Nature},
volume={437},
number={7063},
pages={1257--1263},
year={2005}}

@article{langkvist2012sleep,
title={Sleep stage classification using unsupervised feature learning},
author={Langkvist, Martin and Karlsson, Lars and Loutfi, Amy},
journal={Advances in Artificial Neural Systems},
volume={2012},
pages={107046},
year={2012}}

@article{oropesa1999sleep,
  title={Sleep stage classification using wavelet transform and neural network},
  author={Oropesa, Edgar and Cycon, Hans L and Jobert, Marc},
  journal={International computer science institute},
  year={1999}
}

@inproceedings{ebrahimi2008automatic,
  title={Automatic sleep stage classification based on EEG signals by using neural networks and wavelet packet coefficients},
  author={Ebrahimi, Farideh and Mikaeili, Mohammad and Estrada, Edson and Nazeran, Homer},
  booktitle={Engineering in Medicine and Biology Society, 2008. EMBS 2008. 30th Annual International Conference of the IEEE},
  pages={1151--1154},
  year={2008}
}

@inproceedings{hao2013isleep,
  title={iSleep: unobtrusive sleep quality monitoring using smartphones},
  author={Hao, Tian and Xing, Guoliang and Zhou, Gang},
  booktitle={Proceedings of the 11th ACM Conference on Embedded Networked Sensor Systems},
  pages={4},
  year={2013}
}

@article{carpenter1998psychometric,
  title={Psychometric evaluation of the Pittsburgh sleep quality index},
  author={Carpenter, Janet S and Andrykowski, Michael A},
  journal={Journal of psychosomatic research},
  volume={45},
  number={1},
  pages={5--13},
  year={1998}
}

@inproceedings{bai2012will,
  title={Will you have a good sleep tonight?: sleep quality prediction with mobile phone},
  author={Bai, Yin and Xu, Bin and Ma, Yuanchao and Sun, Guodong and Zhao, Yu},
  booktitle={Proceedings of the 7th International Conference on Body Area Networks},
  pages={124--130},
  year={2012}
}

@inproceedings{kay2012lullaby,
  title={Lullaby: a capture \& access system for understanding the sleep environment},
  author={Kay, Matthew and Choe, Eun Kyoung and Shepherd, Jesse and Greenstein, Benjamin and Watson, Nathaniel and Consolvo, Sunny and Kientz, Julie A},
  booktitle={Proceedings of the 2012 ACM Conference on Ubiquitous Computing},
  pages={226--234},
  year={2012}
}

@inproceedings{choe2011opportunities,
  title={Opportunities for computing technologies to support healthy sleep behaviors},
  author={Choe, Eun Kyoung and Consolvo, Sunny and Watson, Nathaniel F and Kientz, Julie A},
  booktitle={Proceedings of the SIGCHI Conference on Human Factors in Computing Systems},
  pages={3053--3062},
  year={2011}}

@inproceedings{chen2013unobtrusive,
  title={Unobtrusive sleep monitoring using smartphones},
  author={Chen, Zhenyu and Lin, Mu and Chen, Fanglin and Lane, Nicholas D and Cardone, Giuseppe and Wang, Rui and Li, Tianxing and Chen, Yiqiang and Choudhury, Tanzeem and Campbell, Andrew T},
  booktitle={Pervasive Computing Technologies for Healthcare (PervasiveHealth), 2013 7th International Conference on},
  pages={145--152},
  year={2013}
}

@inproceedings{zhang2013real,
  title={A real-time auto-adjustable smart pillow system for sleep apnea detection and treatment},
  author={Zhang, Jin and Zhang, Qian and Wang, Yuanpeng and Qiu, Chen},
  booktitle={Information Processing in Sensor Networks (IPSN), 2013 ACM/IEEE International Conference on},
  pages={179--190},
  year={2013}
}

@article{bain2003evaluation,
  title={Evaluation of mattresses using interface pressure mapping},
  author={Bain, D and Ferguson-Pell, M and McLeod, A},
  journal={Journal of wound care},
  volume={12},
  number={6},
  pages={231--235},
  year={2003}
}

@article{bonnet2003insomnia,
  title={Insomnia, metabolic rate and sleep restoration},
  author={Bonnet, MH and Arand, DL},
  journal={Journal of internal medicine},
  volume={254},
  number={1},
  pages={23--31},
  year={2003}
}

@inproceedings{caviness1996myoclonus,
  title={Myoclonus},
  author={Caviness, John N},
  booktitle={Mayo Clinic Proceedings},
  volume={71},
  number={7},
  pages={679--688},
  year={1996}
}

@article{SleepAndroid,
	author = {Sleep As Android},
	title = {\url{https://play.google.com/store/apps/details?id=com.urbandroid.sleep&hl=zhEN}},
   year={2017}
}

@article{SleepJournal,
	author = {Sleep Journal App},
	title = {\url{http://sleeptrackerapp.blogspot.com/}},
year={2017}
}

@article{YawnLog,
	author = {YawnLog},
	title = {\url{http://beta.yawnlog.com}},
year={2017}
}


@article{fitbit,
	author = {FitBit},
	title = {\url{http://www.fitbit.com}},
year={2017}
}

@article{WakeMate,
	author = {WakeMate},
	title = {\url{http://www.wakemate.com}},
year={2017}
}

@article{Jawbone,
	author = {Jawbone Up},
	title = {\url{https://jawbone.com/up}},
year={2017}
}


%% 以前的 %%%%%%%%%%%%%%%%%%%%%%%%%%%%%%%
@article{ancoli2003role,
  title={The role of actigraphy in the study of sleep and circadian rhythms},
  author={Ancoli-Israel, Sonia and Cole, Roger and Alessi, Cathy and Chambers, Mark and Moorcroft, William and Pollak, Charles P},
  journal={Sleep},
  volume={26},
  number={3},
  pages={342--392},
  year={2003},
  publisher={Oxford University Press}
}

@inproceedings{haescher2015anomaly,
  title={Anomaly Detection with Smartwatches as an Opportunity for Implicit Interaction},
  author={Haescher, Marian and Matthies, Denys JC and Urban, Bodo},
  booktitle={Proceedings of the 17th International Conference on Human-Computer Interaction with Mobile Devices and Services Adjunct},
  pages={955--958},
  year={2015},
  organization={ACM}
}

@inproceedings{borazio2012combining,
  title={Combining wearable and environmental sensing into an unobtrusive tool for long-term sleep studies},
  author={Borazio, Marko and Van Laerhoven, Kristof},
  booktitle={Proceedings of the 2nd ACM SIGHIT International Health Informatics Symposium},
  pages={71--80},
  year={2012},
  organization={ACM}
}

@article{lallukka2016contribution,
  title={The contribution of sleep quality and quantity to public health and work ability},
  author={Lallukka, Tea and Kronholm, Erkki},
  year={2016},
  publisher={Oxford University Press}
}

@article{shelgikar2016sleep,
  title={Sleep Tracking, Wearable Technology, and Opportunities for Research and Clinical Care},
  author={Shelgikar, Anita Valanju and Anderson, Patricia F and Stephens, Marc R},
  journal={CHEST Journal},
  volume={150},
  number={3},
  pages={732--743},
  year={2016},
  publisher={American College of Chest Physicians}
}

@inproceedings{pombo2016ubisleep,
  title={ubiSleep: An ubiquitous sensor system for sleep monitoring},
  author={Pombo, Nuno and Garcia, Nuno M},
  booktitle={Wireless and Mobile Computing, Networking and Communications (WiMob), 2016 IEEE 12th International Conference on},
  pages={1--4},
  year={2016},
  organization={IEEE}
}

@inproceedings{lawson2013validating,
  title={Validating a mobile phone application for the everyday, unobtrusive, objective measurement of sleep},
  author={Lawson, Shaun and Jamison-Powell, Sue and Garbett, Andrew and Linehan, Conor and Kucharczyk, Erica and Verbaan, Sanne and Rowland, Duncan A and Morgan, Kevin},
  booktitle={Proceedings of the SIGCHI Conference on Human Factors in Computing Systems},
  pages={2497--2506},
  year={2013},
  organization={ACM}
}

@inproceedings{bauer2012shuteye,
  title={ShutEye: encouraging awareness of healthy sleep recommendations with a mobile, peripheral display},
  author={Bauer, Jared S and Consolvo, Sunny and Greenstein, Benjamin and Schooler, Jonathan and Wu, Eric and Watson, Nathaniel F and Kientz, Julie},
  booktitle={Proceedings of the SIGCHI conference on Human factors in computing systems},
  pages={1401--1410},
  year={2012},
  organization={ACM}
}


@article{gu2016sleep,
  title={Sleep hunter: Towards fine grained sleep stage tracking with smartphones},
  author={Gu, Weixi and Shangguan, Longfei and Yang, Zheng and Liu, Yunhao},
  journal={IEEE Transactions on Mobile Computing},
  volume={15},
  number={6},
  pages={1514--1527},
  year={2016},
}

@inproceedings{min2014toss,
  title={Toss'n'turn: smartphone as sleep and sleep quality detector},
  author={Min, Jun-Ki and Doryab, Afsaneh and Wiese, Jason and Amini, Shahriyar and Zimmerman, John and Hong, Jason I},
  booktitle={Proceedings of the SIGCHI Conference on Human Factors in Computing Systems},
  pages={477--486},
  year={2014},
  organization={ACM}
}

@article{al2014classifying,
  title={Classifying obstructive sleep apnea using smartphones},
  author={Al-Mardini, Mamoun and Aloul, Fadi and Sagahyroon, Assim and Al-Husseini, Luai},
  journal={Journal of biomedical informatics},
  volume={52},
  pages={251--259},
  year={2014},
  publisher={Elsevier}
}

@article{oksenberg1998effect,
  title={The effect of body posture on sleep-related breathing disorders: facts and therapeutic implications},
  author={Oksenberg, Arie and Silverberg, Donald S},
  journal={Sleep medicine reviews},
  volume={2},
  number={3},
  pages={139--162},
  year={1998},
  publisher={Elsevier}
}

@article{AskMetaFilter,
    title = {\url{http://ask.metafilter.com/258881/Side-Sleepers-of-MeFi-Where-do-you-put-your-hands-while-asleep}},
	author = {Ask MetaFilter},
	year={2017}
}


@article{Polysomnography,
    title = {\url{https://en.wikipedia.org/wiki/Polysomnography}},
	author = {Polysomnography},
	year={2017}
}

@article{StepHealth,
    title = {\url{https://steptohealth.com/bad-sleep-near-cell-phone/}},
	author = {Step To Health},
	year={2017}
}

@article{Quorasleep,
    title = {\url{https://www.quora.com/Does-keeping-your-mobile-phone-near-your-head-affect-\\your-sleeping-cycle-How}},
	author = {Quora},
	year={2017}
}

@article{Actigraphy,
    title = {\url{http://en.wikipedia.org/wiki/Actigraphy}},
	author = {Actigraphy},
	year={2017}
}

@article{zeo,
    title = {\url{http://www.digifit.com/Zeo/}},
	author = {Zeo Sleep Manager Pro},
	year={2017}
}

@article{Jean2000Sleep,
  title={Sleep duration, illumination, and activity patterns in a population sample: effects of gender and ethnicity},
  author={Jean-Louis, Girardin and Kripke, Daniel F and Ancoli-Israel, Sonia and Klauber, Melville R and Sepulveda, Raul S},
  journal={Biological Psychiatry},
  volume={47},
  number={10},
  pages={921},
  year={2000},
}

@article{johnson2010hidden,
title={Hidden Markov model speed heuristic and iterative HMM search procedure},
author={Johnson, L Steven and Eddy, Sean R and Portugaly, Elon},
journal={BMC Bioinformatics},
volume={11},
number={1},
pages={431--431},
year={2010}}

@article{stowell2015detection,
title={Detection and Classification of Acoustic Scenes and Events},
author={Stowell, Dan and Giannoulis, Dimitrios and Benetos, Emmanouil and Lagrange, Mathieu and Plumbley, Mark D},
journal={IEEE Transactions on Multimedia},
volume={17},
number={10},
pages={1733--1746},
year={2015}}
